% This file was created with JabRef 2.10.
% Encoding: Cp1252


@online{noise,
    title = "Sörnmo L. , Laguna P. Bioelectrical Signal Processing in Cardiac and Neurological Applications.
Academic Press. 2005, p. 688."
}

@online{b1,
    title = "Malmivuo J., Plonsey R. Biolelectromagnetism",
    url  = "https://numpy.org",
    addendum = "(accessed: 05.11.2020)",
    note = {Link: \url{https://bem.fi/book}}
}

@online{b2,
    title = "Kopustinskas, A.; Kopustinskienė, G. Biofizika. Technologija. 2009, p. 79-84."
}


@online{standard,
    title = "EN 60601-2-51 International standard. 2003"
}

@online{lab2_ref,
    title = "Laboratory Work nr2 outline. KTU 2020 DSP module T121M501. Accessed 05.11.2020"
}

@online{numpy,
    title = "numpy python computing package",
    url  = "https://numpy.org",
    addendum = "(accessed: 13.10.2020)",
    note = {Link: \url{https://numpy.org}}
}

@online{pyplot,
    title = "matplotlib python package",
    url  = "https://matplotlib.org/api/pyplot_api.html",
    addendum = "(accessed: 13.10.2020)",
    note = {Link: \url{$https://matplotlib.org/api/pyplot_api.html$}}
}

@online{scipy,
    title = "scipy python scientific computing package",
    url  = "https://www.scipy.org",
    addendum = "(accessed: 13.10.2020)",
    note = {Link: \url{https://www.scipy.org}}
}


@online{multir,
    title = "Milie L. Multirate Filtering for Digital Signal Processing: MATLAB Applications. IGI Global, 2009,
p. 414.",
    url  = "https://www.scipy.org",
    addendum = "(accessed: 05.11.2020)",
    note = {Link: \url{http://firasaboulatif.free.fr}}
}

@online{litex_paper,
	title = "LiteX: an open-source SoC builder and library based on Migen Python DSL"
}