% This file was created with JabRef 2.10.
% Encoding: Cp1252



@online{lab3_ref,
    title = "Laboratory Work nr3 outline. KTU 2020 DSP module T121M501. Accessed 22.11.2020"
}

@online{numpy,
    title = "numpy python computing package",
    url  = "https://numpy.org",
    addendum = "(accessed: 13.10.2020)",
    note = {Link: \url{https://numpy.org}}
}

@online{pyplot,
    title = "matplotlib python package",
    url  = "https://matplotlib.org/api/pyplot_api.html",
    addendum = "(accessed: 13.10.2020)",
    note = {Link: \url{$https://matplotlib.org/api/pyplot_api.html$}}
}

@online{scipy,
    title = "scipy python scientific computing package",
    url  = "https://www.scipy.org",
    addendum = "(accessed: 13.10.2020)",
    note = {Link: \url{https://www.scipy.org}}
}


@inproceedings{zhang2004solving,
  title={Solving large scale linear prediction problems using stochastic gradient descent algorithms},
  author={Zhang, Tong},
  booktitle={Proceedings of the twenty-first international conference on Machine learning},
  pages={116},
  year={2004}
}

@online{a1,
    title = "Poularikas A. D.; Ramadan Z. M. Adaptive Filtering Perimer with MATLAB // CRC Press. 2006, p.240"
    }

@online{a2,
    title="Diniz. P. S. R. Adaptive FIltering: Algorithms and Practical Implementations // Springer, Third edition. 2008, p. 627."
}
