% This file was created with JabRef 2.10.
% Encoding: Cp1252



@online{numpy,
    title = "numpy python skaičiavimų paketas",
    url  = "https://numpy.org",
    addendum = "(accessed: 13.10.2020)",
    note = {Nuoroda: \url{https://numpy.org}}
}

@online{lfilter,
    title = "scipy lfilter funkcija",
    url  = "https://docs.scipy.org/doc/scipy/reference/generated/scipy.signal.lfilter.html",
    addendum = "(accessed: 13.10.2020)",
    note = {Nuoroda: \url{https://docs.scipy.org/doc/scipy/
    reference/generated/scipy.signal.lfilter.html}}
}

@online{pyplot,
    title = "matplotlib python paketas",
    url  = "https://matplotlib.org/api/pyplot_api.html",
    addendum = "(accessed: 13.10.2020)",
    note = {Nuoroda: \url{$https://matplotlib.org/api/pyplot_api.html$}}
}

@online{scipy,
    title = "scipy python mokslinių skaičiavimų paketas",
    url  = "https://www.scipy.org",
    addendum = "(accessed: 13.10.2020)",
    note = {Nuoroda: \url{https://www.scipy.org}}
}

@article{karplus-strong,
  Title                    = {Digital synthesis of plucked-string and drum timbres},
  Author                   = {K. Karplus, A. Strong},
  Journal                  = {Computer Music Journal},
  Year                     = {1983},
  Number                   = {7},
  Pages                    = {43--55}
}